@online{statGeolocalisation,
	title = {La géolocalisation, omniprésente à l'ère du smartphone},
    author = {Capital},
    url = {https://www.capital.fr/lifestyle/la-geolocalisation-omnipresente-a-lere-du-smartphone-1303738},
    date = {2018-08-21}
}

@online{arcgisCovid,
	title = {Coronavirus COVID-19 Global Cases by the Center for Systems Science and Engineering (CSSE) at Johns Hopkins University (JHU)},
    author = {Johns Hopkins University (JHU)},
    url = {https://gisanddata.maps.arcgis.com/apps/opsdashboard/index.html#/bda7594740fd40299423467b48e9ecf6},
    date = {2020-06-07}
}

@online{rapportCholeraSeine,
	title = {Rapport sur la marche et les effets du choléra dans Paris et le département de la Seine. Année 1832},
    author = {Commission instituée pour recueillir les faits relatifs à l'invasion et aux effets du choléra dans le département de la Seine},
    url = {https://gallica.bnf.fr/ark:/12148/bpt6k842918/},
    date = {1834}
}

@article{arbresSIG,
author = {Mu, Fi and Kuba, Petr},
year = {2001},
month = {10},
pages = {},
title = {Data Structures for Spatial Data Mining}
}

@phdthesis{tel-01456620,
  TITLE = {{Mod{\'e}lisation et manipulation des syst{\`e}mes OLAP : de l'int{\'e}gration des documents {\`a} l'usager}},
  AUTHOR = {Teste, Olivier},
  URL = {https://tel.archives-ouvertes.fr/tel-01456620},
  SCHOOL = {{Universit{\'e} de toulouse}},
  YEAR = {2009},
  MONTH = Dec,
  KEYWORDS = {Data warehouse ; OLAP ; Entrep{\^o}t de donn{\'e}es ; Syst{\`e}me d{\'e}cisionnel ; Mod{\'e}lisation multidimensionnelle ; Alg{\`e}bre d'interrogation ; Analyse de documents ; Syst{\`e}me de recommandation ; Manipulation multidimensionnelle},
  TYPE = {Habilitation {\`a} diriger des recherches},
  PDF = {https://tel.archives-ouvertes.fr/tel-01456620/file/2009_HDR_OT.pdf},
  HAL_ID = {tel-01456620},
  HAL_VERSION = {v1},
}



@misc{modeles,
  title={Approche dirigée par les modèles pour l'implantation de bases de données massives sur des SGBD NoSQL},
  author={Amal Ait Brahim},
  howpublished={\url{https://tel.archives-ouvertes.fr/tel-02073342/}},
  year={2018},
  publisher={Université Toulouse 1 Capitole}
}

@misc{solap2,
  title={Intégration et optimisation des grilles régulières de points dans une architecture SOLAP relationnelle},
  author={Mehdi Zaamoune},
  howpublished={\url{https://tel.archives-ouvertes.fr/tel-01241029/}},
  year={2015},
  publisher={Université Blaise Pascal - Clermont-Ferrand II}
}

@misc{sgbd,
  title={Modélisation NoSQL des entrepôts de données multidimensionnelles massives.},
  howpublished={\url{https://tel.archives-ouvertes.fr/tel-02057102/}},
  author={Mohammed El Malki},
  year={2016},
  publisher={Université Toulouse Le Mirail - Toulouse II}
}

@misc{gml,
  title={Combinaison de critères par contraintes pour la Recherche d'Information Géographique.},
  howpublished={\url{https://tel.archives-ouvertes.fr/tel-00551889v2/}},
  author={Damien Palacio},
  year={2010},
  publisher={Université de Pau et des Pays de l'Adour}
}

@Article{tomlinson,
title = {A Geographic Information System for Regional Planning},
author = {R. F. Tomlinson},
year = {1968},
month = {8}
}

@misc{giscomponents,
author = {Hussain, Mohammad Robiul},
year = {2016},
month = {07},
url = {https://www.researchgate.net/publication/305392153_Essential_Elements_of_Geographic_Information_System_GIS},
title = {"Essential Elements of Geographic Information System (GIS)"},
doi = {10.13140/RG.2.1.4618.1368}
}

@misc{courssig,
author = {Kouba, Y.},
year = {2018},
month = {04},
url = {https://www.researchgate.net/publication/324149696_Cours_de_systeme_d'information_geographique},
title = {Cours de système d'information géographique},
doi = {10.13140/RG.2.2.32533.78564}
}

@misc{courssig2,
author = {Cherifa, Abdelbaki},
year = {2016},
month = {11},
pages = {},
title = {SIG: Cours et travaux pratiques},
doi = {10.13140/RG.2.2.32223.66723}
}

@online{costNoSQL,
	title = {NoSQL vs SQL — Which Database Type is Better For Big Data Applications},
    author = {Richa Bhatia},
    url = {https://analyticsindiamag.com/nosql-vs-sql-database-type-better-big-data-applications/},
    date = {2017-12-17}
}

@online{NoSQLModels,
	title = {SQL Vs NoSQL Exact Differences And Know When To Use NoSQL And SQL},
    author = {Software Testing Help},
    url = {https://www.softwaretestinghelp.com/sql-vs-nosql/},
    date = {2019-11-10}
}

@article{serveyNoSQL,
author = {Mohamed, Mohamed and Altrafi, Obay and Ismail, Mohammed},
year = {2014},
month = {05},
pages = {598},
title = {Relational Vs. NoSQL databases: A survey},
volume = {03},
journal = {International Journal of Computer and Information Technology (IJCIT)}
}

@inproceedings{comparatifmongomysql,
author = {Győrödi, Cornelia and Gyorodi, Robert and Pecherle, George and Olah, Andrada},
year = {2015},
month = {06},
pages = {},
title = {A Comparative Study: MongoDB vs. MySQL},
doi = {10.13140/RG.2.1.1226.7685}
}

@inproceedings{sqlmm,
author = {Stolze, Knut},
year = {2003},
month = {01},
pages = {247-264},
title = {SQL/MM Spatial - The Standard to Manage Spatial Data in a Relational Database System.},
volume = {26}
}

@inproceedings{coursPostGIS,
author = {EL Kharki, Omar and Mechbouh, Jamila},
year = {2015},
month = {10},
pages = {},
title = {Bases de Données à Référence Spatiale PostGIS : Open Source au Service de l’Information Géospatiale}
}

@article{mongovecteur,
author = {López, Marco and Couturier, Stéphane and Lopez, J.},
year = {2016},
month = {12},
pages = {351-355},
title = {Integration of NoSQL Databases for Analyzing Spatial Information in Geographic Information System},
journal = {2016 8th International Conference on Computational Intelligence and Communication Networks (CICN)},
doi = {10.1109/CICN.2016.75}
}

@inproceedings{2dsphere,
author = {Polakova, Monta and Vitols, Gatis},
year = {2018},
month = {12},
pages = {267-270},
title = {Use of NoSQL technology for analysis of unstructured spatial data},
doi = {10.22616/rrd.24.2018.082}
}

@article{solap,
author = {Aissi, Saida and Gouider, Mohamed and Sboui, Tarek and Ben Said, Lamjed},
year = {2015},
month = {10},
pages = {1-14},
title = {Personnalisation OLAP et SIG : Etude comparative et perspectives de personnalisation SOLAP},
volume = {25},
journal = {Journal of Decision Systems},
doi = {10.1080/12460125.2015.1081049}
}

@online{defsolap,
	title = {Définition et objectif du Spatial OLAP},
    author = {Benoit Le Rubrus},
    url = {http://blerubrus.free.fr/cnam/ueeng111/solap_html/ch01s01.html},
    date = {2009-06-18}
}

@online{couchessig,
	title = {Logiciels géographiques / SIG gratuits},
    author = {Christophe Magdelaine},
    url = {http://blerubrus.free.fr/cnam/ueeng111/solap_html/ch01s01.html},
    date = {2015-02-18}
}

@online{ensg,
	title = {Organisation des données},
    author = {ENSG},
    url = {https://www.ente-aix.fr/documents/118-demoGeo/demo/4_BasesIG/co/BasesIG_web.html},
    date = {2013}
}

@online{uved,
	title = {4- Les bases de l'Information Géographique},
    author = {UVED},
    url = {https://www.emse.fr/tice/uved/SIG/Glossaire/co/Organisation_donnees_1.html},
    date = {2013}
}

@phdthesis{vecteurraster,
author = {Cherif, Bekhtari},
year = {2016},
month = {11},
pages = {},
title = {Intégration des Méthodes Multicritères et des Ensembles Flous dans un SIG pour Analyser l'Adaptabilité des Terres Agricoles : Application au Maïs Grain en Languedoc—Roussillon},
doi = {10.13140/RG.2.2.29975.98728}
}

@article{hierarchygeo,
author = {Inseong Jang and Minsu Kim},
title = {Implementation of Shore-based maritime information service platform to respond to e-Navigation strategy implementation plan},
journal = {Korean Journal of Navigation and Port Research},
publisher = {Korea Port Research Association},
volume = {39},
number = {3},
pages = {157-163},
year = {2015},
month = {06}
}

@online{fonctionnementSOLAP,
	title = {Capacité de rendu cartographique autour des technologies SOLAP},
    author = {CNAM},
    url = {http://blerubrus.free.fr/cnam/ueeng111/solap_onehtml/index.html},
    date = {2009}
}

@article{geojsonxml,
author = {Inseong Jang and Minsu Kim},
title = {Mapping GeoRSS Feeds and the Shift from KML to GeoJSON
},
publisher = {CartoGIS},
year = {2016},
url = {https://cartogis.org/docs/proceedings/2016/Peterson.pdf}
}

@online{xmljsoncomparison,
	title = {JSON vs XML},
    author = {EDUCBA},
    url = {https://www.educba.com/json-vs-xml/},
    date = {2020}
}

@online{azuredocumentdb,
	title = {Azure DocumentDB vs SQL Azure performance comparison},
    author = {Koukia},
    url = {https://koukia.ca/azure-documentdb-vs-sql-azure-performance-comparison-revised-178a90038146},
    date = {2020}
}

